@incollection{ricci2011introduction,
  title={Introduction to recommender systems handbook},
  author={Ricci, Francesco and Rokach, Lior and Shapira, Bracha},
  booktitle={Recommender systems handbook},
  pages={1--35},
  year={2011},
  publisher={Springer}
}

@misc {RecommendersystemWikipedia,
 title = {Recommender system - Wikipedia},
 howpublished = {\url{https://en.wikipedia.org/wiki/Recommender_system}},
 note = {(Acessed on 2019-10-27)}
}

@article{brozovsky2007recommender,
  title={Recommender system for online dating service},
  author={Brozovsky, Lukas and Petricek, Vaclav},
  journal={arXiv preprint cs/0703042},
  year={2007}
}

@misc {NetflixPrizeWikipedia,
 title = {Netflix Prize - Wikipedia},
 howpublished = {\url{https://en.wikipedia.org/wiki/Netflix_Prize}},
 note = {(Acessed on 2019-10-30)}
}

@article{gomez2016netflix,
  title={The netflix recommender system: Algorithms, business value, and innovation},
  author={Gomez-Uribe, Carlos A and Hunt, Neil},
  journal={ACM Transactions on Management Information Systems (TMIS)},
  volume={6},
  number={4},
  pages={13},
  year={2016},
  publisher={ACM}
}

@inproceedings{bennett2007netflix,
  title={The netflix prize},
  author={Bennett, James and Lanning, Stan and others},
  booktitle={Proceedings of KDD cup and workshop},
  volume={2007},
  pages={35},
  year={2007},
  organization={New York, NY, USA.}
}

@misc{HowretailerscankeepupwithconsumersMcKinsey,
 title = {How retailers can keep up with consumers | McKinsey},
 howpublished = {\url{https://www.mckinsey.com/industries/retail/our-insights/how-retailers-can-keep-up-with-consumers}},
 note = {(Acessed on 2019-10-30)}
}

@misc{CES2018YouTubesAIrecommendationsdrive70percentofviewingCNET,
 title = {CES 2018: YouTube's AI recommendations drive 70 percent of viewing - CNET},
 howpublished = {\url{https://www.cnet.com/news/youtube-ces-2018-neal-mohan/}},
 note = {(Acessed on 2019-10-30)}
}

@misc {delawareai,
 title = {Collaborative filtering: an ace up Cartamundiâ€™s sleeve - Delaware / a.i.},
 howpublished = {\url{https://www.delaware.ai/customer-stories/collaborative-filtering-an-ace-up-cartamundis-sleeve}},
 note = {(Acessed on 2019-10-30)}
}